% @book{womak:lean-thinking,
%   author    = {James P. Womack, Daniel T. Jones},
%   title     = {Lean Thinking, Second Editon},
%   publisher = {Simon \& Schuster, Inc.},
%   year      = {2010}
% }

@online{site:jira,
  title = {Jira},
  url   = {https://www.atlassian.com/it/software/jira}
}

@online{site:gitlab,
  title = {Gitlab},
  url   = {https://about.gitlab.com/}
}

@online{site:git,
  title = {Git},
  url   = {https://www.atlassian.com/it/git}
}

@online{site:scrum,
  title = {SCRUM},
  url   = {https://www.atlassian.com/it/agile/scrum}
}

@online{site:react,
  title = {React},
  url   = {https://reactjs.org/}
}

@online{site:redux,
  title = {Redux},
  url   = {https://redux.js.org/}
}

@online{site:mui,
  title = {MUI},
  url   = {https://mui.com/}
}

@online{site:jest,
  title = {jest},
  url   = {https://jestjs.io/}
}

@online{site:rtl,
  title = {React Testing Library},
  url   = {https://testing-library.com/docs/react-testing-library/intro/}
}